<?xml version="1.0" encoding="UTF-8"?><collection xmlns="http://www.loc.gov/MARC21/slim"><record><leader>00626nam--2200217-u-4500</leader><controlfield tag="001">000050639</controlfield><controlfield tag="002">20161230</controlfield><controlfield tag="005">20161230201048</controlfield><controlfield tag="008">080226s1000------------r-----000-0-eng-d</controlfield><datafield ind1=" " ind2=" " tag="020"><subfield code="a">0486443078</subfield></datafield><datafield ind1=" " ind2=" " tag="040"><subfield code="a">IFIN-HH</subfield></datafield><datafield ind1=" " ind2=" " tag="080"><subfield code="a">544.18:004.94</subfield></datafield><datafield ind1="1" ind2=" " tag="100"><subfield code="a">Cook,David B</subfield></datafield><datafield ind1="1" ind2="0" tag="245"><subfield code="a">Handbook of Computational Quantum Chemistry</subfield><subfield code="c">David B. Cook</subfield></datafield><datafield ind1=" " ind2=" " tag="260"><subfield code="a">Mineola, New York</subfield><subfield code="b">Dover Publications, Inc</subfield><subfield code="c">1998</subfield></datafield><datafield ind1=" " ind2=" " tag="300"><subfield code="a">805 p</subfield></datafield><datafield ind1=" " ind2=" " tag="490"><subfield code="a">Dover Books on Chemistry</subfield></datafield><datafield ind1=" " ind2=" " tag="504"><subfield code="a">Includes Bibliographical References and Index</subfield></datafield><datafield ind1=" " ind2="4" tag="650"><subfield code="a">Qunatum chemistry</subfield></datafield><datafield ind1=" " ind2=" " tag="852"><subfield code="a">81942</subfield><subfield code="c">541.10</subfield></datafield><datafield ind1=" " ind2=" " tag="CAT"><subfield code="a">Sys</subfield><subfield code="c">20110405</subfield><subfield code="h">153416</subfield></datafield></record></collection>